<?xml version="1.0" encoding="UTF-8"?><collection xmlns="http://www.loc.gov/MARC21/slim"><record><leader>00393nam--2200133-i-4500</leader><controlfield tag="001">000026752</controlfield><controlfield tag="002">20161230</controlfield><controlfield tag="005">20161230201036</controlfield><controlfield tag="008">060222s1000------------r-----000-0-eng-d</controlfield><datafield ind1=" " ind2=" " tag="080"><subfield code="a">37</subfield></datafield><datafield ind1=" " ind2=" " tag="245"><subfield code="a">Instrument engineerint. methods for associating mathematical solution with common forms</subfield></datafield><datafield ind1=" " ind2=" " tag="260"><subfield code="a">New York, Mc Graw-hill, 1953-55</subfield></datafield><datafield ind1=" " ind2=" " tag="700"><subfield code="a">Ch,Stark Draper., W.Mc.Kay, Sidney</subfield></datafield><datafield ind1=" " ind2=" " tag="852"><subfield code="a">10272</subfield></datafield></record></collection>